@article{yousef,
	title={Seismic data reconstruction with regularized least-squares prestack Kirchhoff time migration},
	author={Yousefzadeh, Abdolnaser},
	year={2008},
	url={https://era.library.ualberta.ca/items/fde26e4e-aa3c-4659-b9ed-d438e3588596/download/3fde5129-0b1f-4916-9ca7-8308e0eb26e4}
}
@phdthesis{pokr,
	title={Построение синтетических сейсмограмм с помощью демиграции},
	author={Покровская, Тамара, Валентиновна},
	year={1998},
	school={СПбГУ}
	
}
@techreport{crewes2011,
	title={Writing Kirchhoff migration/modelling in a matrix form},
	author={Yousefzadeh, Abdolnaser and Bancroft, John C},
	year={2011},
	institution={CREWES Annual Research Report},
	url = {https://www.crewes.org/Documents/ResearchReports/2011/CRR2011101.pdf}
}
