@article{yousef,
	title={Seismic data reconstruction with regularized least-squares prestack Kirchhoff time migration},
	author={Yousefzadeh, Abdolnaser},
	year={2008},
	url={https://era.library.ualberta.ca/items/fde26e4e-aa3c-4659-b9ed-d438e3588596/download/3fde5129-0b1f-4916-9ca7-8308e0eb26e4}
}
@phdthesis{pokr,
	title={Построение синтетических сейсмограмм с помощью демиграции},
	author={Покровская, Тамара, Валентиновна},
	year={1998},
	school={СПбГУ}
	
}
@techreport{crewes2011,
	title={Writing Kirchhoff migration/modelling in a matrix form},
	author={Yousefzadeh, Abdolnaser and Bancroft, John C},
	year={2011},
	institution={CREWES Annual Research Report},
	url = {https://www.crewes.org/Documents/ResearchReports/2011/CRR2011101.pdf}
}

@book{zhdanov2007,
  title={Теория обратных задач и регуляризации в геофизике},
  author={Жданов, Михаил Семенович},
  year={2007},
  publisher={Науч. мир}
}
@article{zhdanov1988,
  title={Сейсмическая и электромагнитная миграция},
  author={Zhdanov, Mikhail Semenovich and Matusevich, V and Frenkelʹ, Mikhail Abramovich and Urupov, Adam Konstantinovich},
  year={1988}
}

@article{vasiliev1981,
  title={Быстрое сейсмоголографическое преобразование Кирхгофа},
  author={Васильев, СА and Перехватов, ВВ},
  journal={Геология и геофизика},
  year={1981}
}
@article{bei2008,
  title={Basic earth imaging},
  author={Claerbout, Jon F and Green, I},
  year={2008},
}

@article{schneider1978,
  title={Integral formulation for migration in two and three dimensions},
  author={Schneider, William A},
  journal={Geophysics},
  volume={43},
  number={1},
  pages={49--76},
  year={1978},
  publisher={Society of Exploration Geophysicists}
}
@mastersthesis{magisters,
	title={Решение прямых и обратных задач акустики методом Кирхгофа},
	author={Агаханова, Ольга Назаровна},
	school={Московский физико-технический институт},
	year={2015}

}
